@online{10ExamplesDigital,
  title = {10 {{Examples}} of {{Digital Product Passport-like Initiatives}}},
  url = {https://www.bluestonepim.com/blog/digital-product-passport-like-examples},
  urldate = {2025-09-19},
  abstract = {Discover 10 inspiring digital product passport-like initiatives that promote transparency, sustainability, and circularity across various industries.},
  langid = {english},
  file = {C\:\\Users\\PC\\Zotero\\storage\\DFR5LC35\\digital-product-passport-like-examples.html;C\:\\Users\\PC\\Zotero\\storage\\XZN2Z9B5\\digital-product-passport-like-examples.html}
}

@misc{acelerapymeMejoraSeguimientoTus2023,
  title = {Mejora El Seguimiento de Tus Productos de Forma Sencilla},
  author = {{AceleraPyme}},
  date = {2023-02},
  url = {https://www.acelerapyme.gob.es/sites/acelerapyme/files/2023-07/Mejora%20el%20seguimiento%20de%20tus%20productos%20de%20forma%20sencilla.pdf},
  urldate = {2025-09-21},
  file = {C:\Users\PC\Zotero\storage\U3AJ7L9Y\Mejora el seguimiento de tus productos de forma sencilla.pdf}
}

@online{AlertaPorNueva2023,
  title = {Alerta por una nueva estafa en la que ofrecen una pata de jamón ibérico para robarte los datos bancarios},
  date = {2023-08-08T08:00:00+02:00},
  url = {https://www.eleconomista.es/tecnologia/noticias/12399389/08/23/alerta-por-una-nueva-estafa-en-la-que-ofrecen-una-pata-de-jamon-iberico-para-robarte-los-datos-bancarios-.html},
  urldate = {2025-05-24},
  abstract = {Hasta ahora la gran mayoría de ciberestafas suplantaban la identidad a empresas de sectores como el de las teleoperadoras, bancos o servicios digitales como Netflix o Amazon. Pero como hemos dicho en numerosas ocasiones, este tipo de ataques evolucionan y se actualizan constantemente, por lo que nunca se sabe con certeza cómo nos puede llegar y por lo tanto nunca hay que bajar la guardia.},
  langid = {spanish},
  organization = {elEconomista.es},
  file = {C\:\\Users\\PC\\Zotero\\storage\\8WYQ9WKL\\alerta-por-una-nueva-estafa-en-la-que-ofrecen-una-pata-de-jamon-iberico-para-robarte-los-datos-.html;C\:\\Users\\PC\\Zotero\\storage\\C7GN655J\\alerta-por-una-nueva-estafa-en-la-que-ofrecen-una-pata-de-jamon-iberico-para-robarte-los-datos-.html}
}

@online{almogueraFraudeBertinOsborne2023,
  title = {El fraude del Bertín Osborne de los jamones que teñía los pata negra con carbón y un soplete},
  author = {Almoguera, Pablo D.},
  date = {2023-07-25T19:27:00+02:00},
  url = {https://www.elconfidencial.com/espana/andalucia/2023-07-25/guardia-civil-sevilla-fraude-jamones-investigacion_3707569/},
  urldate = {2025-05-24},
  abstract = {Una inspección de la Guardia Civil en un comercio de Alcalá de Guadaíra destapa un entramado millonario en torno a la comercialización de falsas paletas de ibérico. Al frente, un peculiar empresario del sector que ha tenido distintas sociedades},
  langid = {spanish},
  organization = {elconfidencial.com},
  note = {Section: andalucía},
  file = {C\:\\Users\\PC\\Zotero\\storage\\24K7CUIM\\guardia-civil-sevilla-fraude-jamones-investigacion_3707569.html;C\:\\Users\\PC\\Zotero\\storage\\ZRSLMDMS\\guardia-civil-sevilla-fraude-jamones-investigacion_3707569.html}
}

@online{AppIbericoAsociacion,
  title = {App Ibérico :: Asociación Interprofesional del Cerdo Ibérico},
  shorttitle = {App Ibérico},
  url = {https://iberico.com/trazabilidad/app-iberico/},
  urldate = {2025-09-21},
  abstract = {Organización Interprofesional Agroalimentaria (OIA), sin ánimo de lucro, en la que están representadas paritariamente organizaciones de la rama de la producción (ganaderos) y de la rama de la transformación (industriales) de cerdo ibérico.},
  langid = {spanish}
}

@misc{asociacioninterprofesionaldelcerdoibericoasiciDespiertaTuSentido2023,
  title = {Despierta Tu {{Sentido Ibérico}}: {{Jamones Ibéricos}} de {{España}}, {{Embajadores}} de {{Europa}} En El {{Mundo}}.},
  author = {{Asociación Interprofesional del Cerdo Ibérico (ASICI)}},
  date = {2023},
  url = {https://iberico.com/wp-content/uploads/2024/03/dossier-prensa-ES2023.pdf},
  urldate = {2025-09-21},
  file = {C:\Users\PC\Zotero\storage\H86RLNL6\dossier prensa ES2023.pdf}
}

@article{banterleConsequencesVoluntaryTraceability2008,
  title = {The Consequences of Voluntary Traceability System for Supply Chain Relationships. {{An}} Application of Transaction Cost Economics},
  author = {Banterle, Alessandro and Stranieri, Stefanella},
  date = {2008-12},
  journaltitle = {Food Policy},
  shortjournal = {Food Policy},
  volume = {33},
  number = {6},
  pages = {560--569},
  issn = {03069192},
  doi = {10.1016/j.foodpol.2008.06.002},
  url = {https://linkinghub.elsevier.com/retrieve/pii/S0306919208000481},
  urldate = {2025-09-21},
  abstract = {This paper analyses the effects of voluntary traceability on vertical relationships within food supply chains using a transaction cost perspective. The analysis makes reference to the Italian situation where the national standard organization has introduced a private standard for traceability that provides a higher degree of information associated with the individual product than the European mandatory traceability system. A survey was conducted by questionnaire to assess changes in transaction characteristics, costs and governance after the introduction of voluntary traceability. The sample represents all Italian firms applying this standard. Factorial and cluster analyses were applied to find the different reorganizations of transactions. The results highlight an increase in asset specificity and a decrease in the uncertainty level throughout the supply chains. The introduction of voluntary traceability shows increased vertical coordination for firms that previously used oral agreements and variation in transactions conditions for firms using contracts. Instead vertically integrated firms do not reveal any variation in the governance of transactions as they are already internally safeguarded.},
  langid = {english},
  file = {C:\Users\PC\Zotero\storage\K88GLWXG\Banterle y Stranieri - 2008 - The consequences of voluntary traceability system for supply chain relationships. An application of.pdf}
}

@online{BlockchainIndustriaCarnica,
  title = {Blockchain en la industria cárnica: trazabilidad, seguridad y transparencia},
  shorttitle = {Blockchain en la industria cárnica},
  url = {https://www.signeblock.com/blockchain-en-la-industria-carnica-trazabilidad-seguridad-transparencia-n-9419-es},
  urldate = {2025-05-17},
  abstract = {Casos de uso de la Blockchain en la industria cárnica y cómo esta tecnología puede aportar al sector conectando las cadenas de suministro.},
  langid = {spanish},
  file = {C\:\\Users\\PC\\Zotero\\storage\\9L8E2SMF\\blockchain-en-la-industria-carnica-trazabilidad-seguridad-transparencia-n-9419-es.html;C\:\\Users\\PC\\Zotero\\storage\\HXNEJYQF\\blockchain-en-la-industria-carnica-trazabilidad-seguridad-transparencia-n-9419-es.html}
}

@online{BlockchainPlatformEnterprise,
  title = {A {{Blockchain Platform}} for the {{Enterprise}} — {{Hyperledger Fabric Docs}} Main Documentation},
  url = {https://hyperledger-fabric.readthedocs.io/en/release-2.5/},
  urldate = {2025-09-21},
  file = {C:\Users\PC\Zotero\storage\JMPC7E2X\release-2.5.html}
}

@online{BlockchainPlatformsSupply,
  title = {Blockchain {{Platforms}} for {{Supply Chain Management}} | {{BloxBytes}}},
  url = {https://bloxbytes.com/blockchain-platforms-for-supply-chain-management/},
  urldate = {2025-05-17},
  file = {C:\Users\PC\Zotero\storage\KJPBEMWN\blockchain-platforms-for-supply-chain-management.html}
}

@online{BOEA19943253RealDecreto,
  title = {{{BOE-A-1994-3253 Real Decreto}} 1904/1993, de 29 de Octubre, Por El Que Se Establece Las Condiciones Sanitarias de Producción y Comercialización de Productos Cárnicos y de Otros Determinados Productos de Origen Animal.},
  url = {https://www.boe.es/buscar/doc.php?id=BOE-A-1994-3253},
  urldate = {2025-05-23},
  file = {C\:\\Users\\PC\\Zotero\\storage\\JBXKJM4H\\doc.html;C\:\\Users\\PC\\Zotero\\storage\\PAQZRC8P\\doc.html}
}

@online{BOEA19976156RealDecreto,
  title = {{{BOE-A-1997-6156 Real Decreto}} 145/1997, de 31 de Enero, Por El Que Se Aprueba La Lista Positiva de Aditivos Distintos de Colorantes y Edulcorantes Para Su Uso En La Elaboración de Productos Alimenticios, Así Como Sus Condiciones de Utilización.},
  url = {https://www.boe.es/buscar/doc.php?id=BOE-A-1997-6156},
  urldate = {2025-05-23},
  file = {C\:\\Users\\PC\\Zotero\\storage\\UD3NJEW5\\doc.html;C\:\\Users\\PC\\Zotero\\storage\\YFD7JJSI\\doc.html}
}

@online{BOEA200119120RealDecreto,
  title = {{{BOE-A-2001-19120 Real Decreto}} 1083/2001, de 5 de Octubre, Por El Que Se Aprueba La Norma de Calidad Para El Jamón Ibérico, Paleta Ibérica y Caña de Lomo Ibérico Elaborados En {{España}}.},
  url = {https://www.boe.es/buscar/doc.php?id=BOE-A-2001-19120},
  urldate = {2025-05-23},
  file = {C\:\\Users\\PC\\Zotero\\storage\\VP5FG7QY\\doc.html;C\:\\Users\\PC\\Zotero\\storage\\YDNJ28DL\\doc.html}
}

@online{BOEA200222544RealDecreto,
  title = {{{BOE-A-2002-22544 Real Decreto}} 1135/2002, de 31 de Octubre, Relativo a Las Normas Mínimas Para La Protección de Cerdos.},
  url = {https://www.boe.es/buscar/act.php?id=BOE-A-2002-22544},
  urldate = {2025-05-21},
  file = {C\:\\Users\\PC\\Zotero\\storage\\K9RQM8GX\\act.html;C\:\\Users\\PC\\Zotero\\storage\\N553UEET\\act.html}
}

@online{BOEA200912937RealDecreto,
  title = {{{BOE-A-2009-12937 Real Decreto}} 1221/2009, de 17 de Julio, Por El Que Se Establecen Normas Básicas de Ordenación de Las Explotaciones de Ganado Porcino Extensivo y Por El Que Se Modifica El {{Real Decreto}} 1547/2004, de 25 de Junio, Por El Que Se Establecen Las Normas de Ordenación de Las Explotaciones Cunícolas.},
  url = {https://www.boe.es/buscar/act.php?id=BOE-A-2009-12937},
  urldate = {2025-05-21},
  file = {C\:\\Users\\PC\\Zotero\\storage\\QJAXBB9G\\act.html;C\:\\Users\\PC\\Zotero\\storage\\X9ST7MCR\\act.html}
}

@online{BOEA2014318RealDecreto,
  title = {{{BOE-A-2014-318 Real Decreto}} 4/2014, de 10 de Enero, Por El Que Se Aprueba La Norma de Calidad Para La Carne, El Jamón, La Paleta y La Caña de Lomo Ibérico.},
  url = {https://www.boe.es/buscar/act.php?id=BOE-A-2014-318},
  urldate = {2025-10-01},
  file = {C:\Users\PC\Zotero\storage\WSQYSKHG\act.html}
}

@online{BOEA2014318RealDecretoa,
  title = {{{BOE-A-2014-318 Real Decreto}} 4/2014, de 10 de Enero, Por El Que Se Aprueba La Norma de Calidad Para La Carne, El Jamón, La Paleta y La Caña de Lomo Ibérico.},
  url = {https://www.boe.es/buscar/act.php?id=BOE-A-2014-318},
  urldate = {2025-10-01},
  file = {C:\Users\PC\Zotero\storage\MPSWN5WA\act.html}
}

@online{BOEA20149004OrdenAAAb,
  title = {{{BOE-A-2014-9004 Orden AAA}}/1549/2014, de 28 de Agosto, Por La Que Se Extiende El Acuerdo de La {{Asociación Interprofesional}} Del {{Cerdo Ibérico}} al Conjunto Del Sector y Se Fija La Aportación Económica Obligatoria Para La Mejora de La Trazabilidad, La Calidad de Las Producciones de Cerdo Ibérico y Coadyuvar al Cumplimiento de La Norma de Calidad Para La Carne, El Jamón, La Paleta y La Caña de Lomo Ibérico.},
  url = {https://www.boe.es/diario_boe/txt.php?id=BOE-A-2014-9004},
  urldate = {2025-10-01},
  file = {C:\Users\PC\Zotero\storage\3TAV9BMK\txt.html}
}

@online{BOEA20149004OrdenAAAc,
  title = {{{BOE-A-2014-9004 Orden AAA}}/1549/2014, de 28 de Agosto, Por La Que Se Extiende El Acuerdo de La {{Asociación Interprofesional}} Del {{Cerdo Ibérico}} al Conjunto Del Sector y Se Fija La Aportación Económica Obligatoria Para La Mejora de La Trazabilidad, La Calidad de Las Producciones de Cerdo Ibérico y Coadyuvar al Cumplimiento de La Norma de Calidad Para La Carne, El Jamón, La Paleta y La Caña de Lomo Ibérico.},
  url = {https://www.boe.es/diario_boe/txt.php?id=BOE-A-2014-9004},
  urldate = {2025-10-01},
  file = {C:\Users\PC\Zotero\storage\UAAREI9S\txt.html}
}

@online{BOEA20149004OrdenAAAd,
  title = {{{BOE-A-2014-9004 Orden AAA}}/1549/2014, de 28 de Agosto, Por La Que Se Extiende El Acuerdo de La {{Asociación Interprofesional}} Del {{Cerdo Ibérico}} al Conjunto Del Sector y Se Fija La Aportación Económica Obligatoria Para La Mejora de La Trazabilidad, La Calidad de Las Producciones de Cerdo Ibérico y Coadyuvar al Cumplimiento de La Norma de Calidad Para La Carne, El Jamón, La Paleta y La Caña de Lomo Ibérico.},
  url = {https://www.boe.es/diario_boe/txt.php?id=BOE-A-2014-9004},
  urldate = {2025-10-01},
  file = {C:\Users\PC\Zotero\storage\GFTGAU9Q\txt.html}
}

@online{BOEA202114594OrdenAPA,
  title = {{{BOE-A-2021-14594 Orden APA}}/929/2021, de 31 de Agosto, Por La Que Se Extiende El {{Acuerdo}} de La {{Asociación Interprofesional}} Del {{Cerdo Ibérico}}, al Conjunto Del Sector y Se Fija La Aportación Económica Obligatoria Para Realizar Actividades de Promoción Del Conocimiento y El Consumo de Los Productos Ibéricos, Apoyo a La Investigación, Desarrollo e Innovación Tecnológica, Así Como El Mantenimiento y Mejora Del Sistema Informático de Trazabilidad y Calidad de Los Productos Ibéricos y Coadyuvar al Cumplimiento de La Norma de Calidad Para La Carne, El Jamón, La Paleta y La Caña de Lomo Ibérico, Durante Cinco Años.},
  url = {https://www.boe.es/diario_boe/txt.php?id=BOE-A-2021-14594},
  urldate = {2025-10-01},
  file = {C:\Users\PC\Zotero\storage\VDR9GI4M\txt.html}
}

@online{BOEesDOUEL200280201Reglamento,
  title = {{{BOE}}.Es - {{DOUE-L-2002-80201 Reglamento}} ({{CE}}) Nº 178/2002 Del {{Parlamento Europeo}} y Del {{Consejo}}, de 28 de Enero de 2002, Por El Que Se Establecen Los Principios y Los Requisitos Generales de La Legislación Alimentaria, Se Crea La {{Autoridad Europea}} de {{Seguridad Alimentaria}} y Se Fijan Procedimientos Relativos a La Seguridad Alimentaria.},
  url = {https://www.boe.es/buscar/doc.php?id=DOUE-L-2002-80201},
  urldate = {2025-05-23},
  file = {C\:\\Users\\PC\\Zotero\\storage\\5QGEFXB8\\doc.html;C\:\\Users\\PC\\Zotero\\storage\\QJFK6HSR\\doc.html;C\:\\Users\\PC\\Zotero\\storage\\X6XF2WD9\\doc.html}
}

@online{BOEesDOUEL201282546Reglamento,
  title = {{{BOE}}.Es - {{DOUE-L-2012-82546 Reglamento}} ({{UE}}) Nº~1151/2012 Del {{Parlamento Europeo}} y Del {{Consejo}}, de 21~de Noviembre de 2012, Sobre Los Regímenes de Calidad de Los Productos Agrícolas y Alimenticios.},
  url = {https://www.boe.es/buscar/doc.php?id=DOUE-L-2012-82546},
  urldate = {2025-05-23},
  file = {C:\Users\PC\Zotero\storage\5PLXIW2R\doc.html}
}

@online{BOEesDOUEL202381096Reglamento,
  title = {{{BOE}}.Es - {{DOUE-L-2023-81096 Reglamento}} ({{UE}}) 2023/1542 Del {{Parlamento Europeo}} y Del {{Consejo}}, de 12 de Julio de 2023, Relativo a Las Pilas y Baterías y Sus Residuos y Por El Que Se Modifican La {{Directiva}} 2008/98/{{CE}} y El {{Reglamento}} ({{UE}}) 2019/1020 y Se Deroga La {{Directiva}} 2006/66/{{CE}}.},
  url = {https://www.boe.es/buscar/doc.php?id=DOUE-L-2023-81096},
  urldate = {2025-09-21}
}

@online{BOEesDOUEL202480992Reglamento,
  title = {{{BOE}}.Es - {{DOUE-L-2024-80992 Reglamento}} ({{UE}}) 2024/1781 Del {{Parlamento Europeo}} y Del {{Consejo}}, de 13 de Junio de 2024, Por El Que Se Instaura Un Marco Para El Establecimiento de Requisitos de Diseño Ecológico Aplicables a Los Productos Sostenibles, Se Modifican La {{Directiva}} ({{UE}}) 2020/1828 y El {{Reglamento}} ({{UE}}) 2023/1542 y Se Deroga La {{Directiva}} 2009/125/{{CE}}.},
  url = {https://www.boe.es/buscar/doc.php?id=DOUE-L-2024-80992},
  urldate = {2025-05-17},
  file = {C\:\\Users\\PC\\Zotero\\storage\\6FHUTH8E\\doc.html;C\:\\Users\\PC\\Zotero\\storage\\SJQS7BN3\\doc.html}
}

@online{bonetPreguntarQueEs2023,
  title = {De preguntar “¿qué es eso?” a pagar 1.300 euros por uno: el jamón ibérico conquista China},
  shorttitle = {De preguntar “¿qué es eso?},
  author = {Bonet, Inma},
  date = {2023-05-01T05:25:00+02:00},
  url = {https://elpais.com/gastronomia/2023-05-01/de-preguntar-que-es-eso-a-pagar-1300-euros-por-uno-el-jamon-iberico-conquista-china.html},
  urldate = {2025-09-21},
  abstract = {El gigante asiático es el segundo país importador fuera de Europa, con un volumen de negocio de casi 30 millones de euros},
  langid = {spanish},
  organization = {El País}
}

@online{burguesJamonesEirizObtiene2015,
  title = {Jamones Eíriz obtiene el certificado de Aenor sobre la huella de carbono de su producción},
  author = {Burgués, Iván Martínez},
  date = {2015-02-10T07:00:37+00:00},
  url = {https://cortadordejamonbajoaragon.es/jamones-eiriz-obtiene-el-certificado-de-aenor-sobre-la-huella-de-carbono-de-su-produccion/},
  urldate = {2025-09-21},
  abstract = {Jamones Eíriz obtiene el certificado de Aenor sobre la huella de carbono de su producción. Según los estudios realizados, la empresa...},
  langid = {spanish},
  organization = {Cortador de Jamón profesional Iván Martínez},
  file = {C:\Users\PC\Zotero\storage\TSP4E2UJ\jamones-eiriz-obtiene-el-certificado-de-aenor-sobre-la-huella-de-carbono-de-su-produccion.html}
}

@online{CalidadDiferenciada,
  title = {Calidad diferenciada},
  url = {https://www.mapa.gob.es/ca/alimentacion/temas/calidad-diferenciada/},
  urldate = {2025-05-20},
  langid = {catalan},
  file = {C\:\\Users\\PC\\Zotero\\storage\\R4B7E8S9\\calidad-diferenciada.html;C\:\\Users\\PC\\Zotero\\storage\\S3E7FHQB\\calidad-diferenciada.html;C\:\\Users\\PC\\Zotero\\storage\\ZVCQTSVM\\calidad-diferenciada.html}
}

@online{CarniceroDesmontaEstafa2024,
  title = {Un carnicero desmonta la estafa habitual con el jamón ibérico en Navidad: la clave está en la brida},
  shorttitle = {Un carnicero desmonta la estafa habitual con el jamón ibérico en Navidad},
  date = {2024-12-26T15:28:30+01:00},
  url = {https://as.com/actualidad/sociedad/un-carnicero-desmonta-la-estafa-habitual-con-el-jamon-iberico-en-navidad-la-clave-esta-en-la-brida-n/},
  urldate = {2025-05-24},
  abstract = {Si la brida es de color negro, se trata de cerdos ibéricos de bellota 100\% alimentados en la dehesa, destacó el usuario de TikTok El As Carnicero.},
  langid = {spanish},
  organization = {Diario AS},
  note = {Section: Sociedad}
}

@online{ChinaHaEmpezado,
  title = {China Ha Empezado a Copiar El {{Jamón Ibérico}}},
  url = {https://www.directoalpaladar.com/otros/china-ha-empezado-a-copiar-el-jamon-iberico},
  urldate = {2025-09-21},
  file = {C:\Users\PC\Zotero\storage\ZVALT2ZF\china-ha-empezado-a-copiar-el-jamon-iberico.html}
}

@online{coelhoGS1DataArchitecture2022,
  title = {{{GS1}} Data Architecture for the {{DPP}}},
  author = {Coelho, Duarte Pinto},
  date = {2022-08-30T09:35:51+00:00},
  url = {https://gs1.eu/activities/digital-product-passport/gs1-data-architecture-for-the-dpp/},
  urldate = {2025-05-17},
  abstract = {As of 30 th March 2022, the draft regulation publication starts the legislative co-decision procedure that requires the involvement of both the European Parliam},
  langid = {american},
  organization = {GS1 in Europe},
  file = {C\:\\Users\\PC\\Zotero\\storage\\VTAD3LWC\\Coelho - 2022 - GS1 data architecture for the DPP.pdf;C\:\\Users\\PC\\Zotero\\storage\\TZT5TZSX\\gs1-data-architecture-for-the-dpp.html}
}

@legislation{COMMUNICATIONCOMMISSIONEcodesign2025,
  title = {{{COMMUNICATION FROM THE COMMISSION Ecodesign}} for {{Sustainable Products}} and {{Energy Labelling Working Plan}} 2025-2030},
  date = {2025},
  url = {https://eur-lex.europa.eu/legal-content/EN/TXT/?uri=celex:52025DC0187},
  urldate = {2025-09-21},
  langid = {english},
  file = {C\:\\Users\\PC\\Zotero\\storage\\IBLB8D9K\\2025 - COMMUNICATION FROM THE COMMISSION Ecodesign for Sustainable Products and Energy Labelling Working Pl.pdf;C\:\\Users\\PC\\Zotero\\storage\\B6KJ4XEJ\\TXT.html}
}

@online{ComoIdentificarFraude2024,
  title = {¿Cómo identificar un fraude en productos ibéricos? - Lux Ibérico},
  shorttitle = {¿Cómo identificar un fraude en productos ibéricos?},
  date = {2024-09-12T12:19:24+01:00},
  url = {https://luxiberico.com/como-identificar-un-fraude-en-productos-ibericos/},
  urldate = {2025-05-24},
  abstract = {Aprende a identificar fraudes en productos ibéricos mediante el análisis de etiquetas, precios y certificaciones.},
  langid = {spanish}
}

@online{CompetitivenessCompassEuropean,
  title = {Competitiveness Compass - {{European Commission}}},
  url = {https://commission.europa.eu/topics/eu-competitiveness/competitiveness-compass_en},
  urldate = {2025-09-19},
  abstract = {The competitiveness compass is the Commission's roadmap for restoring Europe’s dynamism and boosting economic growth.},
  langid = {english}
}

@online{ConsejosParaEvitar2023,
  title = {Consejos para evitar que nos vendan un jamón ibérico falso},
  date = {2023-07-06T08:00:00+02:00},
  url = {https://www.eleconomista.es/retail-consumo/noticias/12355875/07/23/consejos-para-evitar-que-nos-vendan-un-jamon-iberico-falso.html},
  urldate = {2025-05-24},
  abstract = {El pasado 24 de junio, la Guardia Civil, de la mano de técnicos de la Delegación Territorial de Salud y Consumo de Sevilla, incautó más de 50.000 kilos de jamones y paletas de cerdo en las localidades de Alcalá de Guadaíra y Dos Hermanas. Los jamones estaban almacenados en cámaras de congelación en muy mal estado. Tan malo que incluso algunas patas estaban estaban totalmente cubiertas de moho o con gusanos.},
  langid = {spanish},
  organization = {elEconomista.es}
}

@online{ConsumoRecuerdaQue2022,
  title = {Consumo Recuerda Que El Etiquetado y El Color Del Precinto Son Esenciales Para Identificar Un Jamón Ibérico},
  date = {2022-12-11},
  url = {https://www.consumoresponde.es/actualidad/noticias/consumo_recuerda_que_el_etiquetado_y_el_color_del_precinto_son_esenciales_para},
  urldate = {2025-09-20},
  abstract = {Los productos de cerdo ibérico como jamones, paletas o cañas de lomo forman parte esencial de la gastronomía española, y la venta de los mismos, tanto en los establecimientos como en el comercio online, se multiplica en periodos como la Navidad. Con el objetivo de que las personas consumidoras y usuarias cuenten con plena garantía a la hora de comprar este tipo de producto, y para evitar cualquier tipo de confusión, existen diversos aspectos relativos a la norma de calidad (Real Decreto 4/2014) que deben tenerse en cuenta.},
  file = {C:\Users\PC\Zotero\storage\CSVHSMXS\consumo_recuerda_que_el_etiquetado_y_el_color_del_precinto_son_esenciales_para.html}
}

@software{ContikingContiking2025,
  title = {Contiki-Ng/Contiki-Ng},
  date = {2025-05-17T02:31:34Z},
  origdate = {2017-05-13T17:37:59Z},
  url = {https://github.com/contiki-ng/contiki-ng},
  urldate = {2025-05-17},
  abstract = {Contiki-NG: The OS for Next Generation IoT Devices},
  organization = {Contiki-NG},
  keywords = {6lowpan,6lowpan-border-router,6tisch,contiki-ng,iot,rpl,tsch,wsn},
  note = {original-date: 2017-05-13T17:37:59Z}
}

@article{dacostaConsejoRegulador,
  title = {Consejo Regulador},
  author = {Dacosta, Pilar},
  langid = {spanish},
  file = {C:\Users\PC\Zotero\storage\L7ILESWN\Dacosta - Consejo Regulador.pdf}
}

@online{DecathlonUnitedMedia,
  title = {Decathlon United Media - Decathlon RFID, una década de liderazgo en beneficios a los clientes y trabajadores},
  url = {https://www.decathlon-united.media/media/decathlon-rfid-2021-es},
  urldate = {2025-09-21},
  abstract = {Desde hace más de diez años, Decathlon es pionero en una tecnología que busca el beneficio de sus empleados y clientes: La RFID. Esta tecnología nos ha permitido aumentar la disponibilidad de los productos en la tienda, acelerar y facilitar las compras y mejorar la seguridad de los productos},
  langid = {french},
  organization = {Decathlon-united.media},
  file = {C:\Users\PC\Zotero\storage\ECLRJMDG\decathlon-rfid-2021-es.html}
}

@article{Deloitte2024CxO,
  title = {Deloitte 2024 {{CxO Sustainability Report}}},
  langid = {english},
  file = {C:\Users\PC\Zotero\storage\AS9CK52L\Deloitte 2024 CxO Sustainability Report.pdf}
}

@online{deparesChinaDestinoPrioritario2024,
  title = {China, un destino prioritario para el sector ibérico},
  author = {Depares, Beatriz},
  date = {2024-01-26T09:15:47+00:00},
  url = {https://carnica.cdecomunicacion.es/sector/porcino/138789/china-un-destino-prioritario-para-el-sector-iberico},
  urldate = {2025-09-21},
  abstract = {ASICI ha iniciado un tour por varias ciudades chinas para poner en valor el ibérico y aumentar la comercialización y crecimiento del sector.},
  langid = {spanish},
  organization = {Cárnica - CdeComunicacion.es},
  file = {C:\Users\PC\Zotero\storage\R83CQPEZ\china-un-destino-prioritario-para-el-sector-iberico.html}
}

@online{DigitalProductPassport,
  title = {Digital Product Passport | {{Nobody}}'s {{Child}}},
  url = {https://www.nobodyschild.com/en-es/pages/digital-product-passport},
  urldate = {2025-09-19},
  file = {C:\Users\PC\Zotero\storage\DMFBPK4M\digital-product-passport.html}
}

@online{DigitalProductPassport2022,
  title = {Digital {{Product Passport}}},
  date = {2022-06-23T12:55:00},
  url = {https://blog.iota.org/digital-product-passport/},
  urldate = {2025-05-17},
  abstract = {Imagine an easy-to-use, immediately accessible, secure, and shareable digital passport for every consumer product: from electric toothbrushes to your cars, coffee machines to the refrigerator.},
  langid = {english},
  organization = {IOTA Blog},
  file = {C\:\\Users\\PC\\Zotero\\storage\\AFMA58PE\\digital-product-passport.html;C\:\\Users\\PC\\Zotero\\storage\\Z8D9VMPB\\digital-product-passport.html}
}

@online{DigitalProductPassportb,
  title = {Digital {{Product Passport Explained}}: 2025–2030 {{Timeline}} and {{Compliance GuideEU Wine Labelling}} 2024: {{Full Guide}} for {{Wineriesdigital-product-passport-dpp-eu-guide-2025-2030eu-wine-labelling-2024-guide}}},
  shorttitle = {Digital {{Product Passport Explained}}},
  url = {https://fluxy.one/post/digital-product-passport-dpp-eu-guide-2025-2030},
  urldate = {2025-09-21},
  abstract = {Learn how to comply with the new EU wine labelling rules in 2025. Ingredients, nutrition, QR codes, and multilingual tips included.},
  langid = {english},
  file = {C:\Users\PC\Zotero\storage\DAYMRG5K\digital-product-passport-dpp-eu-guide-2025-2030.html}
}

@online{DirectivaSobreAlegaciones,
  title = {Directiva sobre Alegaciones Ecológicas: el Consejo se dispone a iniciar las conversaciones con el Parlamento Europeo},
  shorttitle = {Directiva sobre Alegaciones Ecológicas},
  url = {https://www.consilium.europa.eu/es/press/press-releases/2024/06/17/green-claims-directive-council-ready-to-start-talks-with-the-european-parliament/},
  urldate = {2025-09-21},
  abstract = {El Consejo adopta su orientación general respecto a la Directiva sobre Alegaciones Ecológicas, cuyo objetivo es ayudar a los consumidores a tomar decisiones con conocimiento de causa al comprar un producto.},
  langid = {spanish},
  organization = {Consilium},
  file = {C:\Users\PC\Zotero\storage\RKFW5WQU\green-claims-directive-council-ready-to-start-talks-with-the-european-parliament.html}
}

@online{DOPIGPDehesa,
  title = {{{DOP}}/{{IGP}} - {{Dehesa}} de {{Extremadura Pliego}} de {{Condiciones}}},
  url = {https://www.mapa.gob.es/es/alimentacion/temas/calidad-diferenciada/dop-igp/detalle/jamon/dop_jamonextremadura},
  urldate = {2025-09-21},
  file = {C\:\\Users\\PC\\Zotero\\storage\\Q8QHYEVZ\\Dacosta - Consejo Regulador.pdf;C\:\\Users\\PC\\Zotero\\storage\\SNHQXSZX\\dop_jamonextremadura.html}
}

@online{EcodesignSustainableProducts,
  title = {Ecodesign for {{Sustainable Products Regulation}} - {{European Commission}}},
  url = {https://commission.europa.eu/energy-climate-change-environment/standards-tools-and-labels/products-labelling-rules-and-requirements/ecodesign-sustainable-products-regulation_en},
  urldate = {2025-05-17},
  abstract = {Read about the EU law that improves EU products’ circularity, energy performance and other environmental sustainability. Follow ongoing work on the EU's ecodesign framework.},
  langid = {english},
  file = {C\:\\Users\\PC\\Zotero\\storage\\49EXMQQ5\\ecodesign-sustainable-products-regulation_en.html;C\:\\Users\\PC\\Zotero\\storage\\9YRXDK66\\ecodesign-sustainable-products-regulation_en.html;C\:\\Users\\PC\\Zotero\\storage\\ETDDM6AM\\ecodesign-sustainable-products-regulation_en.html}
}

@online{ESPREnergyLabelling,
  title = {{{ESPR}} and {{Energy Labelling Working Plan}} 2025-30 | {{Environment}}},
  url = {https://environment.ec.europa.eu/document/5f7ff5e2-ebe9-4bd4-a139-db881bd6398f_en},
  urldate = {2025-09-19},
  langid = {english},
  file = {C:\Users\PC\Zotero\storage\QZLU2QC2\5f7ff5e2-ebe9-4bd4-a139-db881bd6398f_en.html}
}

@online{ETGJamonSerrano,
  title = {E.{{T}}.{{G}}. {{Jamón Serrano}}},
  url = {https://www.mapa.gob.es/es/alimentacion/temas/calidad-diferenciada/etg/jamonserrano#ancla0},
  urldate = {2025-09-20},
  file = {C:\Users\PC\Zotero\storage\XV4D5K64\jamonserrano.html}
}

@online{EuropeanCommissionHave2024,
  type = {Text},
  title = {European {{Commission}} - {{Have}} Your Say},
  date = {2024-12-10},
  url = {https://ec.europa.eu/info/law/better-regulation/have-your-say/initiatives/14382-Digital-product-passport-rules-for-service-providers_en},
  urldate = {2025-09-20},
  abstract = {In the context of the Ecodesign for Sustainable Products Regulation, the digital product passport (DPP) has been introduced as a tool to provide easy access to digital information on products’ sustainability, circularity and legal compliance. The Commission intends to adopt a delegated act laying down rules on the operation of DPP service providers, an essential component of the wider DPP governance.},
  langid = {english},
  organization = {European Commission - Have your say},
  file = {C\:\\Users\\PC\\Zotero\\storage\\59FRDIC2\\14382-Digital-product-passport-rules-for-service-providers_en.html;C\:\\Users\\PC\\Zotero\\storage\\XZDZ45UU\\14382-Digital-product-passport-rules-for-service-providers_en.html}
}

@book{europeanparliament.directorategeneralforparliamentaryresearchservices.DigitalProductPassport2024,
  title = {Digital Product Passport in the Textile Sector.},
  author = {{European Parliament. Directorate General for Parliamentary Research Services.}},
  date = {2024},
  publisher = {Publications Office},
  location = {LU},
  url = {https://data.europa.eu/doi/10.2861/947638},
  urldate = {2025-09-19},
  langid = {english},
  file = {C:\Users\PC\Zotero\storage\YCEDHKIC\European Parliament. Directorate General for Parliamentary Research Services. - 2024 - Digital product passport in the textile sector..pdf}
}

@online{EuropeanRegulationFood,
  title = {European Regulation on Food Traceability | {{Track}} Any {{fooD}}},
  url = {https://www.trackanyfood.com/eu-legislation/?lang=en},
  urldate = {2025-09-21},
  abstract = {What is provided for by Regulation (EC) No 178/2002 of the European Parliament with respect to food traceability and the obligations for all food businesses.},
  langid = {american},
  organization = {Track},
  file = {C:\Users\PC\Zotero\storage\2YYYJQZY\eu-legislation.html}
}

@online{EUsDigitalProduct,
  title = {{{EU}}'s {{Digital Product Passport}}: {{Advancing}} Transparency and Sustainability | Data.Europa.Eu},
  url = {https://data.europa.eu/en/news-events/news/eus-digital-product-passport-advancing-transparency-and-sustainability},
  urldate = {2025-05-17},
  file = {C:\Users\PC\Zotero\storage\CYKT6GQA\eus-digital-product-passport-advancing-transparency-and-sustainability.html}
}

@online{EvidenFundacionIOTA,
  title = {Eviden y la Fundación IOTA crean un pasaporte digital para el seguimiento de las baterías de automoción},
  url = {https://eviden.com/es-es/vision/comunicados-de-prensa/eviden-y-la-fundacion-iota-crean-un-pasaporte-digital-para-el-seguimiento-de-las-baterias-de-automocion/},
  urldate = {2025-05-18},
  langid = {spanish},
  organization = {Eviden},
  file = {C:\Users\PC\Zotero\storage\2BG8K36T\eviden-y-la-fundacion-iota-crean-un-pasaporte-digital-para-el-seguimiento-de-las-baterias-de-au.html}
}

@online{FarmForkStrategy,
  title = {Farm to {{Fork Strategy}} - {{European Commission}}},
  url = {https://food.ec.europa.eu/horizontal-topics/farm-fork-strategy_en},
  urldate = {2025-09-21},
  abstract = {The new “Farm to fork” strategy, to be proposed by the Commission as part of the Green Deal, will enable the EU to make a real contribution to...},
  langid = {english},
  file = {C:\Users\PC\Zotero\storage\PEMKTXJ6\farm-fork-strategy_en.html}
}

@misc{gs1aisblGS1DigitalLink2025,
  title = {{{GS1 Digital Link Standard}}: {{URI Syntax}}},
  author = {{GS1 AISBL}},
  date = {2025-03},
  url = {https://ref.gs1.org/standards/digital-link/uri-syntax/},
  urldate = {2025-09-19},
  file = {C:\Users\PC\Zotero\storage\PGPG8UM8\uri-syntax.pdf}
}

@online{GS1DigitalLink,
  title = {{{GS1 Digital Link}} | {{GS1}}},
  url = {https://www.gs1.org/standards/gs1-digital-link},
  urldate = {2025-09-19},
  file = {C:\Users\PC\Zotero\storage\HPZIFVR4\gs1-digital-link.html}
}

@misc{gs1ineuropeGS1ConformantResolverStandard2025,
  title = {{{GS1-Conformant Resolver Standard}}},
  author = {{GS1 in Europe}},
  date = {2025-02},
  url = {https://ref.gs1.org/standards/resolver/},
  urldate = {2025-09-19},
  annotation = {Especificación y artefactos del estándar},
  file = {C:\Users\PC\Zotero\storage\JU5TENGZ\resolver.pdf}
}

@misc{gs1ineuropeGS1StandardsEnablingDPP2024,
  title = {{{GS1-Standards-Enabling-DPP}}},
  author = {{GS1 in Europe}},
  date = {2024-12},
  url = {https://gs1.eu/wp-content/uploads/2024/12/GS1-Standards-Enabling-DPP.pdf},
  urldate = {2025-09-21},
  file = {C:\Users\PC\Zotero\storage\PDREYTV5\GS1-Standards-Enabling-DPP.pdf}
}

@video{guardiacivilIncautadasSevillaMas2023,
  entrysubtype = {video},
  title = {Incautadas En {{Sevilla}} Más de 50 Toneladas de Falsos Jamones Pata Negra},
  editor = {{Guardia Civil}},
  editortype = {director},
  date = {2023-06-28},
  url = {https://www.youtube.com/watch?v=c-qeR6lfAFU},
  urldate = {2025-05-24}
}

@online{GuardiaCivilInterviene2023,
  title = {La Guardia Civil interviene casi 3.000 jamones y paletas por fraude alimentario},
  date = {2023-12-07},
  url = {https://www.huleymantel.com/menu-dia/guardia-civil-interviene-casi-3000-jamones-paletas-por-fraude-alimentario_101791_102.html},
  urldate = {2025-05-24},
  abstract = {Además de los jamones y paletas cuyo etiquetado estaba manipulado, se han intervenido más de 5.000 litros de bebidas alcohólicas adulteradas en Alicante},
  langid = {spanish},
  organization = {Hule y Mantel}
}

@online{HowWalmartBrought,
  title = {How {{Walmart}} Brought Unprecedented Transparency to the Food Supply Chain with {{Hyperledger Fabric}}},
  url = {https://www.lfdecentralizedtrust.org/case-studies/walmart-case-study},
  urldate = {2025-09-21},
  abstract = {Discover how Walmart is revolutionizing food traceability by implementing a Hyperledger Fabric-based blockchain system.},
  langid = {english},
  file = {C\:\\Users\\PC\\Zotero\\storage\\58ZD5EJL\\Hyperledger_CaseStudy_Walmart_Printable_V4.pdf;C\:\\Users\\PC\\Zotero\\storage\\CF96NPWZ\\walmart-case-study.html}
}

@online{HuellaCarbonoJamon2025,
  title = {Huella de Carbono del Jamón - Vallejan},
  date = {2025-06-12T10:49:22+01:00},
  url = {https://vallejan.com/huella-de-carbono-jamon/},
  urldate = {2025-09-21},
  abstract = {Analizar la huella de carbono de este producto no es un ejercicio meramente técnico. Es una invitación a repensar el modo en que valoramos los alimentos},
  langid = {spanish}
}

@online{insightsWWFBostonConsulting2019,
  title = {{{WWF}}, {{Boston Consulting}} Blockchain Supply Chain {{OpenSC}} Raises \$4m Seed Round},
  author = {Insights, Ledger},
  date = {2019-09-16T17:01:11+00:00},
  url = {https://www.ledgerinsights.com/opensc-supply-chain-blockchain-wwf-bcg-funding/},
  urldate = {2025-05-17},
  abstract = {Today OpenSC, the supply chain blockchain initiatied by WWF Australia and Boston Consulting Group Digital Ventures announced a \$4 million seed round},
  langid = {american},
  organization = {Ledger Insights - blockchain for enterprise}
}

@online{IntroducingEvidenDigital2024,
  title = {Introducing {{Eviden Digital Passport Solution Powered By IOTA}}},
  date = {2024-07-11T11:55:00},
  url = {https://blog.iota.org/ieviden-digital-passport-solution-iota/},
  urldate = {2025-05-17},
  abstract = {IOTA and Eviden are partnering on the Eviden Digital Passport Solution (EDPS), one of the first Digital Product Passports to hit the market.},
  langid = {english},
  organization = {IOTA Blog},
  file = {C\:\\Users\\PC\\Zotero\\storage\\LYHVS6ZF\\eviden-digital-passport-iota.html;C\:\\Users\\PC\\Zotero\\storage\\WV39IAYE\\eviden-digital-passport-iota.html}
}

@misc{iotaecosystemdltfoundationWhitePaperIOTA2023,
  title = {White {{Paper}} — {{IOTA Ecosystem DLT Foundation}}},
  author = {{IOTA Ecosystem DLT Foundation}},
  date = {2023-11},
  url = {https://files.iota.org/dlt/White_Paper_IOTA_Ecosystem_DLT_Foundation.pdf},
  urldate = {2025-05-20},
  file = {C:\Users\PC\Zotero\storage\QUWW6E42\White_Paper_IOTA_Ecosystem_DLT_Foundation.pdf}
}

@online{IotaledgerHornetHORNET,
  title = {Iotaledger/Hornet: {{HORNET}} Is a Powerful {{IOTA}} Fullnode Software},
  url = {https://github.com/iotaledger/hornet},
  urldate = {2025-09-21}
}

@online{IOTATangleCriptomoneda,
  title = {{{IOTA}} y {{The Tangle}}, Una Criptomoneda Para El {{IoT}}. {{Arquitectura}} y Funcionamiento},
  url = {https://iotfutura.com/arquitecturas-iot/iota-the-tangle?utm_source=chatgpt.com},
  urldate = {2025-05-17}
}

@online{IOTATangleCriptomoneda2018,
  title = {IOTA y The Tangle, una criptomoneda para el IoT. Arquitectura y funcionamiento},
  date = {2018-07-24},
  url = {https://iotfutura.com/arquitecturas-iot/iota-the-tangle/},
  urldate = {2025-05-17},
  abstract = {IOTA es una novedosa criptomoneda para realizar microtransacciones entre máquinas, sustituyendo blockchain por The Tangle},
  langid = {spanish},
  file = {C:\Users\PC\Zotero\storage\546NG8YN\iota-the-tangle.html}
}

@online{isaQueSabemosPasaporte2025,
  title = {¿Qué sabemos del Pasaporte Digital de Producto?},
  author = {Isa},
  date = {2025-01-30T08:35:04+00:00},
  url = {https://formaspackgroup.com/que-sabemos-del-pasaporte-digital-de-producto/},
  urldate = {2025-05-17},
  abstract = {El marco del PDP se está desarrollando y su implementación oficial en sectores específicos no está prevista hasta la primavera de 2025.},
  langid = {spanish},
  organization = {Formaspack Group}
}

@online{JamonIbericoMade2011,
  title = {Jamón ibérico «made in China»},
  date = {2011-11-28T09:39:53+01:00},
  url = {https://www.abc.es/tecnologia/abci-jamon-china-201111280000_noticia.html},
  urldate = {2025-09-21},
  abstract = {Los empresarios del país asiático convierten este emblemático producto de la dieta mediterránea en su última copia},
  langid = {spanish},
  organization = {Diario ABC},
  file = {C:\Users\PC\Zotero\storage\9N8SWMF5\abci-jamon-china-201111280000_noticia.html}
}

@legislation{jefaturadelestadoLey2119921992,
  title = {Ley 21/1992, de 16 de Julio, de {{Industria}}},
  author = {{Jefatura del Estado}},
  date = {1992-07-23},
  number = {Ley 21/1992},
  pages = {25498--25506},
  url = {https://www.boe.es/eli/es/l/1992/07/16/21},
  urldate = {2025-05-20},
  file = {C\:\\Users\\PC\\Zotero\\storage\\IXKI4WB3\\Jefatura del Estado - 1992 - Ley 211992, de 16 de julio, de Industria.pdf;C\:\\Users\\PC\\Zotero\\storage\\G7QAYCMG\\doc.html}
}

@misc{juntadeandalucia.consejeriadeagriculturapescaydesarrolloruralPliegoCondicionesDenominacion2023,
  title = {Pliego de Condiciones de La {{Denominación}} de {{Origen Protegida}} «{{Los Pedroches}}»},
  author = {{Junta de Andalucía. Consejería de Agricultura, Pesca y Desarrollo Rural}},
  date = {2023-05-05},
  url = {https://www.mapa.gob.es/es/alimentacion/temas/calidad-diferenciada/dop-igp/detalle/jamon/dop_jamonpedroches},
  file = {C:\Users\PC\Zotero\storage\HTVW4ML3\los_pedroches_2023_05_05_tcm30-211190.pdf}
}

@misc{juntadeandalucia.consejeriadeagriculturapescaydesarrolloruralPliegoCondicionesIndicacion2015,
  title = {Pliego de Condiciones de La {{Indicación Geográfica Protegida}} «{{Jamón}} de {{Serón}}»},
  author = {{Junta de Andalucía. Consejería de Agricultura, Pesca y Desarrollo Rural}},
  date = {2015-03-16},
  url = {https://www.mapa.gob.es/es/alimentacion/temas/calidad-diferenciada/dop-igp/detalle/jamon/jamon_de_seron},
  annotation = {Boletín Oficial de la Junta de Andalucía, núm. 51},
  file = {C:\Users\PC\Zotero\storage\9LRQNRB8\jamon_seron_2014_08_14_tcm30-210877.pdf}
}

@misc{juntadeandalucia.consejeriadeagriculturapescaydesarrolloruralPliegoCondicionesIndicacion2015a,
  title = {Pliego de Condiciones de La {{Indicación Geográfica Protegida}} «{{Jamón}} de {{Trevélez}}»},
  author = {{Junta de Andalucía. Consejería de Agricultura, Pesca y Desarrollo Rural}},
  date = {2015-03-16},
  url = {https://www.mapa.gob.es/es/alimentacion/temas/calidad-diferenciada/dop-igp/detalle/jamon/igp_jamontrevelez},
  annotation = {Boletín Oficial de la Junta de Andalucía, núm. 51},
  file = {C:\Users\PC\Zotero\storage\FDZCPYB2\jamon_trevelez_2013_12_04_tcm30-210890.pdf}
}

@online{L_202401781ES000101fmxxml,
  title = {L\_{{202401781ES}}.000101.Fmx.Xml},
  url = {https://eur-lex.europa.eu/eli/reg/2024/1781/oj/spa},
  urldate = {2025-09-20},
  annotation = {Usr\_lan: ES},
  note = {Usr\_lan: ES}
}

@article{latinoVoluntaryTraceabilityFood2022,
  title = {Voluntary Traceability in Food Supply Chain: A Framework Leading Its Implementation in {{Agriculture}} 4.0},
  shorttitle = {Voluntary Traceability in Food Supply Chain},
  author = {Latino, Maria Elena and Menegoli, Marta and Lazoi, Mariangela and Corallo, Angelo},
  date = {2022-05},
  journaltitle = {Technological Forecasting and Social Change},
  shortjournal = {Technological Forecasting and Social Change},
  volume = {178},
  pages = {121564},
  issn = {00401625},
  doi = {10.1016/j.techfore.2022.121564},
  url = {https://linkinghub.elsevier.com/retrieve/pii/S0040162522000968},
  urldate = {2025-09-21},
  abstract = {Today, the world faces a big challenge about food quality and safety. Consumers are becoming more careful during their food choices, focusing on food information. Drawing on the Industry 4.0 technologies and methodologies, food companies could adopt traceability systems that are able to collect various types of information along the food supply chain, to satisfy regulation but also to make their work transparent. With the aim of overcoming the current shortcomings in the food traceability framework (e.g., the absence of data visualisation solutions or tools for supply chain actors and consumers, adopting standards for external traceability and data identification, and fulfilling the four Industry 4.0 development dimensions), and considering the sustainability challenges, the aim of this study is to suggest a Framework for Voluntary Food Traceability based on digital technologies and explore its application by means of a case study in an organic olive oil company. The Framework, composed of three building blocks, allows the company to: map supply chain processes, identifying tasks and processes where data was generated, its format and the supply chain owner; select and use technologies to collect and analyse traceability data; and communicate to the end consumer comprehensible and useful food information.},
  langid = {english},
  file = {C:\Users\PC\Zotero\storage\WFWDRXNR\Latino et al. - 2022 - Voluntary traceability in food supply chain a framework leading its implementation in Agriculture 4.pdf}
}

@legislation{ministeriodeagriculturaalimentacionymedioambienteBOEA20149004OrdenAAA2014,
  title = {{{BOE-A-2014-9004 Orden AAA}}/1549/2014, de 28 de Agosto, Por La Que Se Extiende El Acuerdo de La {{Asociación Interprofesional}} Del {{Cerdo Ibérico}} al Conjunto Del Sector y Se Fija La Aportación Económica Obligatoria Para La Mejora de La Trazabilidad, La Calidad de Las Producciones de Cerdo Ibérico y Coadyuvar al Cumplimiento de La Norma de Calidad Para La Carne, El Jamón, La Paleta y La Caña de Lomo Ibérico.},
  author = {{Ministerio de Agricultura, Alimentación y Medio Ambiente}},
  date = {2014-08-28},
  number = {Orden AAA/1549/2014},
  url = {https://www.boe.es/diario_boe/txt.php?id=BOE-A-2014-9004},
  urldate = {2025-10-01},
  file = {C\:\\Users\\PC\\Zotero\\storage\\4ZHA7XML\\BOE-A-2014-9004.pdf;C\:\\Users\\PC\\Zotero\\storage\\G6JE26RR\\txt.html}
}

@legislation{ministeriodeagriculturaalimentacionymedioambienteRealDecreto42014,
  title = {Real {{Decreto}} 4/2014, de 10 de Enero, Por El Que Se Aprueba La Norma de Calidad Para La Carne, El Jamón, La Paleta y La Caña de Lomo Ibérico},
  author = {{Ministerio de Agricultura, Alimentación y Medio Ambiente}},
  date = {2014-01-11},
  number = {Real Decreto 4/2014},
  pages = {1569--1585},
  url = {https://www.boe.es/eli/es/rd/2014/01/10/4},
  urldate = {2025-05-17},
  file = {C:\Users\PC\Zotero\storage\INLGMFKV\txt.html}
}

@report{ministeriodeagriculturapescayalimentacionespanaDatosDenominacionesOrigen2024,
  title = {Datos de Las {{Denominaciones}} de {{Origen Protegidas}} ({{D}}.{{O}}.{{P}}.), {{Indicaciones Geográficas Protegidas}} ({{I}}.{{G}}.{{P}}.) y {{Especialidades Tradicionales Garantizadas}} ({{E}}.{{T}}.{{G}}.) de {{Productos Agroalimentarios}}},
  author = {{Ministerio de Agricultura, Pesca y Alimentación (España)}},
  date = {2024},
  institution = {Dirección General de la Industria Alimentaria},
  location = {Madrid},
  url = {https://www.mapa.gob.es/ca/alimentacion/temas/calidad-diferenciada/informedop_igp_2023_tcm34-699649.pdf},
  file = {C:\Users\PC\Zotero\storage\K5BXDQ4E\INFORME_DOP_IGP_2023_tcm30-699649.pdf}
}

@misc{ministeriodeagriculturapescayalimentacionespanaPLIEGOCONDICIONESDENOMINACION2017,
  title = {{{PLIEGO DE CONDICIONES DE LA DENOMINACIÓN DE ORIGEN}} “{{GUIJUELO}}”},
  author = {{Ministerio de Agricultura, Pesca y Alimentación (España)}},
  date = {2017-10-26},
  url = {https://www.mapa.gob.es/es/alimentacion/temas/calidad-diferenciada/dop-igp/detalle/jamon/dop_jamonguijuelo},
  file = {C:\Users\PC\Zotero\storage\FC2BCR8T\PLIEGO DE CONDICIONES DE LA DENOMINACIÓN DE ORIGEN “GUIJUELO”.pdf}
}

@misc{ministeriodeagriculturapescayalimentacionespanaPliegoCondicionesDenominacion2022,
  title = {Pliego de Condiciones de La {{Denominación}} de {{Origen Protegida}} «{{Jabugo}}»},
  author = {{Ministerio de Agricultura, Pesca y Alimentación (España)}},
  date = {2022},
  url = {https://www.mapa.gob.es/es/alimentacion/temas/calidad-diferenciada/dop-igp/detalle/jamon/dop_jabugo},
  file = {C:\Users\PC\Zotero\storage\6C5AWL2Q\jabugo_2022_07_07_pc_tcm30-640097.pdf}
}

@online{ministeriodeagriculturapescayalimentacionespanaPliegoCondicionesJamon2022,
  title = {Pliego de Condiciones {{Jamón}} de {{Teruel}} / {{Paleta}} de {{Teruel}}},
  author = {{Ministerio de Agricultura, Pesca y Alimentación (España)}},
  date = {2022},
  url = {https://www.mapa.gob.es/dam/mapa/contenido/alimentacion/temas/calidad-agroalimentaria/2017-calidad-diferenciada/nuevo_denominaciones/pliegos-de-condiciones/pliego-condiciones-agroalimentarios/jamon_de_teruel_paletadeteruel_2024_12_23.pdf},
  urldate = {2025-09-21},
  file = {C:\Users\PC\Zotero\storage\ZSVT4CPE\Pliego de condiciones Jamón de Teruel  Paleta de Teruel.pdf}
}

@legislation{ministeriodeagriculturapescayalimentacionRealDecreto13161992,
  title = {Real {{Decreto}} 1316/1992, de 30 de Octubre, Por El Que Se Establecen Los Controles Veterinarios y Zootécnicos Aplicables En Los Intercambios Intracomunitarios de Determinados Animales Vivos y Productos Con Vistas a La Realización Del Mercado Interior},
  author = {{Ministerio de Agricultura, Pesca y Alimentación}},
  date = {1992-12-01},
  number = {Real Decreto 1316/1992},
  pages = {40565--40569},
  url = {https://www.boe.es/eli/es/rd/1992/10/30/1316},
  urldate = {2025-05-22},
  file = {C:\Users\PC\Zotero\storage\PHV4NUWE\doc.html}
}

@legislation{ministeriodeagriculturapescayalimentacionRealDecreto14692007,
  title = {Real {{Decreto}} 1469/2007, de 2 de Noviembre, Por El Que Se Aprueba La Norma de Calidad Para La Carne, El Jamón, La Paleta y La Caña de Lomo Ibéricos},
  author = {{Ministerio de Agricultura, Pesca y Alimentación}},
  date = {2007-11-03},
  number = {Real Decreto 1469/2007},
  pages = {45087--45104},
  url = {https://www.boe.es/eli/es/rd/2007/11/02/1469},
  urldate = {2025-05-22},
  file = {C:\Users\PC\Zotero\storage\89FZ8DJG\doc.html}
}

@legislation{ministeriodeagriculturapescayalimentacionRealDecreto2051996,
  title = {Real {{Decreto}} 205/1996, de 9 de Febrero, Por El Que Se Establece Un Sistema de Identificación y Registro de Los Animales de Las Especies Bovina, Porcina, Ovina y Caprina},
  author = {{Ministerio de Agricultura, Pesca y Alimentación}},
  date = {1996-02-29},
  number = {Real Decreto 205/1996},
  pages = {7900--7914},
  url = {https://www.boe.es/eli/es/rd/1996/02/09/205},
  urldate = {2025-05-22},
  file = {C:\Users\PC\Zotero\storage\994NNABN\doc.html}
}

@legislation{ministeriodeagriculturapescayalimentacionRealDecreto21282004,
  title = {Real {{Decreto}} 2128/2004, de 29 de Octubre, Por El Que Se Regula El Sistema de Información Geográfica de Parcelas Agrícolas},
  author = {{Ministerio de Agricultura, Pesca y Alimentación}},
  date = {2004-11-13},
  number = {Real Decreto 2128/2004},
  pages = {37481--37485},
  url = {https://www.boe.es/eli/es/rd/2004/10/29/2128},
  urldate = {2025-05-20},
  file = {C:\Users\PC\Zotero\storage\LL6MH3WI\doc.html}
}

@legislation{ministeriodelapresidenciaRealDecreto19041994,
  title = {Real {{Decreto}} 1904/1993, de 29 de Octubre, Por El Que Se Establece Las Condiciones Sanitarias de Producción y Comercialización de Productos Cárnicos y de Otros Determinados Productos de Origen Animal},
  author = {{Ministerio de la Presidencia}},
  date = {1994-02-11},
  number = {Real Decreto 1904/1993},
  pages = {4673--4688},
  url = {https://www.boe.es/eli/es/rd/1993/10/29/1904},
  urldate = {2025-05-23},
  file = {C:\Users\PC\Zotero\storage\KEAHCW9D\doc.html}
}

@legislation{ministeriodelapresidenciaRealDecreto3242000,
  title = {Real {{Decreto}} 324/2000, de 3 de Marzo, Por El Que Se Establecen Normas Básicas de Ordenación de Las Explotaciones Porcinas},
  author = {{Ministerio de la Presidencia}},
  date = {2000-03-08},
  number = {Real Decreto 324/2000},
  pages = {9505--9512},
  url = {https://www.boe.es/eli/es/rd/2000/03/03/324},
  urldate = {2025-05-21},
  file = {C:\Users\PC\Zotero\storage\HB8EVFX5\doc.html}
}

@legislation{ministeriodemedioambienteymedioruralymarinoRealDecreto21292009,
  title = {Real {{Decreto}} 2129/2008, de 26 de Diciembre, Por El Que Se Establece El {{Programa}} Nacional de Conservación, Mejora y Fomento de Las Razas Ganaderas},
  author = {{Ministerio de Medio Ambiente, y Medio Rural y Marino}},
  date = {2009-01-27},
  number = {Real Decreto 2129/2008},
  pages = {9211--9242},
  url = {https://www.boe.es/eli/es/rd/2008/12/26/2129},
  urldate = {2025-05-20},
  file = {C:\Users\PC\Zotero\storage\ZSZH67XQ\doc.html}
}

@legislation{ministeriodesanidadyconsumoRealDecreto1451997,
  title = {Real {{Decreto}} 145/1997, de 31 de Enero, Por El Que Se Aprueba La Lista Positiva de Aditivos Distintos de Colorantes y Edulcorantes Para Su Uso En La Elaboración de Productos Alimenticios, Así Como Sus Condiciones de Utilización},
  author = {{Ministerio de Sanidad y Consumo}},
  date = {1997-03-22},
  number = {Real Decreto 145/1997},
  pages = {9378--9418},
  url = {https://www.boe.es/eli/es/rd/1997/01/31/145},
  urldate = {2025-05-23},
  file = {C:\Users\PC\Zotero\storage\597UQJ7S\doc.html}
}

@online{motusicUnderstandingElabelsDigital2024,
  title = {Understanding {{E-labels}} and {{Digital Product Passports}} for the {{Food}} and {{Beverage Industry}}},
  author = {Motusic, Boris},
  date = {2024-07-12T11:17:05+00:00},
  url = {https://labellink.org/understanding-digital-labels-and-digital-product-passports-for-the-food-and-beverage-industry/},
  urldate = {2025-09-21},
  abstract = {Guide to the latest EU regulations on digital labels and Digital Product Passports for the food and beverage industry, focusing on key dates, compliance requirements, and the transition from barcodes to QR codes.},
  langid = {english},
  organization = {Labellink},
  file = {C:\Users\PC\Zotero\storage\7QWKWBB9\understanding-digital-labels-and-digital-product-passports-for-the-food-and-beverage-industry.html}
}

@online{OAPruralPasaporteDigital,
  title = {{{OAPrural}} | {{El Pasaporte Digital}} de {{Producto}} ({{DPP}}): {{Todo}} Lo Que Tu Empresa Necesita Saber - {{YouTube}}},
  url = {https://www.youtube.com/watch?v=Eh09suRLa28},
  urldate = {2025-05-17},
  file = {C:\Users\PC\Zotero\storage\KNVV2XIM\watch.html}
}

@online{OriginTrailDKGDecentralised,
  title = {{{OriginTrail DKG}}: {{Decentralised}} and {{Scalable Knowledge Graph Economy Tools Supporting}} the "{{Trusted}}, Traceable and Transparent Ontological Knowledge on Blockchain — {{ONTOCHAIN}}" | {{ONTOCHAIN}}},
  url = {https://ontochain.ngi.eu/content/dkg},
  urldate = {2025-09-21}
}

@online{PasaporteDigitalProducto,
  title = {Pasaporte Digital de Producto},
  url = {https://www.gs1es.org/pasaporte-digital-de-producto/},
  urldate = {2025-05-17},
  abstract = {Pasaporte Digital de Producto: definiendo nuevos estándares para compartir información de producto En diciembre de 2023, la Comisión Europea y el},
  langid = {spanish},
  organization = {GS1 Spain},
  file = {C:\Users\PC\Zotero\storage\5BGXA8ZE\pasaporte-digital-de-producto.html}
}

@online{PasaporteDigitalProductoa,
  title = {Pasaporte Digital de Producto: Como el blockchain, IoT y la tokenización te ayudarán a cumplir con esta normativa Europea. – World Token Congress},
  shorttitle = {Pasaporte Digital de Producto},
  url = {https://worldtokencongress.com/pasaporte-digital-de-producto-como-el-blockchain-iot-y-la-tokenizacion-te-ayudaran-a-cumplir-con-esta-normativa-europea/},
  urldate = {2025-05-17},
  langid = {spanish},
  file = {C:\Users\PC\Zotero\storage\CU27YSCW\pasaporte-digital-de-producto-como-el-blockchain-iot-y-la-tokenizacion-te-ayudaran-a-cumplir-co.html}
}

@online{PlanEstrategicoPAC,
  title = {El {{Plan Estratégico}} de La {{PAC}} de {{España}}},
  url = {https://www.mapa.gob.es/es/pac/pac-2023-2027/plan-estrategico-pac},
  urldate = {2025-09-21},
  file = {C:\Users\PC\Zotero\storage\FM4HCUKB\plan-estrategico-pac.html}
}

@online{PrecintosCategoriasAsociacion,
  title = {Precintos y Categorías :: Asociación Interprofesional del Cerdo Ibérico},
  shorttitle = {Precintos y Categorías},
  url = {https://iberico.com/trazabilidad/precintos-y-categorias/},
  urldate = {2025-09-21},
  abstract = {Organización Interprofesional Agroalimentaria (OIA), sin ánimo de lucro, en la que están representadas paritariamente organizaciones de la rama de la producción (ganaderos) y de la rama de la transformación (industriales) de cerdo ibérico.},
  langid = {spanish},
  file = {C:\Users\PC\Zotero\storage\9G8YJTAE\precintos-y-categorias.html}
}

@online{ProducirJamonTeruel,
  title = {Producir un Jamón de Teruel deja una huella de carbono de 21,87 kilos de CO2 – C.R.D.O.P. JAMON DE TERUEL},
  url = {https://jamondeteruel.com/noticias/producir-un-jamon-de-teruel-deja-una-huella-de-carbono-de-2187-kilos-de-co2/},
  urldate = {2025-09-21},
  langid = {spanish},
  file = {C:\Users\PC\Zotero\storage\FLQ5ZX8N\producir-un-jamon-de-teruel-deja-una-huella-de-carbono-de-2187-kilos-de-co2.html}
}

@online{ProductEnvironmentalFootprint,
  title = {Product {{Environmental Footprint}} ({{PEF}})},
  url = {https://www.dnv.com/services/product-environmental-footprint-pef--231997/},
  urldate = {2025-09-21},
  langid = {english},
  organization = {DNV},
  file = {C:\Users\PC\Zotero\storage\3S5BC5DY\product-environmental-footprint-pef--231997.html}
}

@article{pulloIntegratingIOTAsTangle2024,
  title = {Integrating {{IOTA}}’s {{Tangle}} with the {{Internet}} of {{Things}} for {{Sustainable Agriculture}}: {{A Proof-of-Concept Study}} on {{Rice Cultivation}}},
  shorttitle = {Integrating {{IOTA}}’s {{Tangle}} with the {{Internet}} of {{Things}} for {{Sustainable Agriculture}}},
  author = {Pullo, Sandro and Pareschi, Remo and Piantadosi, Valentina and Salzano, Francesco and Carlini, Roberto},
  date = {2024-03},
  journaltitle = {Informatics},
  volume = {11},
  number = {1},
  pages = {3},
  publisher = {Multidisciplinary Digital Publishing Institute},
  issn = {2227-9709},
  doi = {10.3390/informatics11010003},
  url = {https://www.mdpi.com/2227-9709/11/1/3},
  urldate = {2025-05-23},
  abstract = {Addressing the critical challenges of resource inefficiency and environmental impact in the agrifood sector, this study explores the integration of Internet of Things (IoT) technologies with IOTA’s Tangle, a Distributed Ledger Technology (DLT). This integration aims to enhance sustainable agricultural practices, using rice cultivation as a case study of high relevance and reapplicability given its importance in the food chain and the high irrigation requirement of its cultivation. The approach employs sensor-based intelligent irrigation systems to optimize water efficiency. These systems enable real-time monitoring of agricultural parameters through IoT sensors. Data management is facilitated by IOTA’s Tangle, providing secure and efficient data handling, and integrated with MongoDB, a Database Management System (DBMS), for effective data storage and retrieval. The collaboration between IoT and IOTA led to significant reductions in resource consumption. Implementing sustainable agricultural practices resulted in a 50\% reduction in water usage, 25\% decrease in nitrogen consumption, and a 50\% to 70\% reduction in methane emissions. Additionally, the system contributed to lower electricity consumption for irrigation pumps and generated comprehensive historical water depth records, aiding future resource management decisions. This study concludes that the integration of IoT with IOTA’s Tangle presents a highly promising solution for advancing sustainable agriculture. This approach significantly contributes to environmental conservation and food security. Furthermore, it establishes that DLTs like IOTA are not only viable but also effective for real-time monitoring and implementation of sustainable agricultural practices.},
  issue = {1},
  langid = {english},
  keywords = {agrifood sector,distributed ledger technologies (DLT),environmental footprint,internet of things (IoT),IOTA tangle,real-time data recording,rice cultivation,sustainability},
  note = {Number: 1 Publisher: Multidisciplinary Digital Publishing Institute},
  file = {C:\Users\PC\Zotero\storage\36LY92SH\Pullo et al. - 2024 - Integrating IOTA’s Tangle with the Internet of Things for Sustainable Agriculture A Proof-of-Concep.pdf}
}

@online{QueEsEthereum,
  title = {¿Qué es Ethereum?},
  url = {https://ethereum.org/es/what-is-ethereum/},
  urldate = {2025-09-21},
  abstract = {Obtenga información sobre Ethereum, qué hace y cómo probarlo usted mismo.},
  langid = {spanish},
  organization = {ethereum.org},
  file = {C:\Users\PC\Zotero\storage\Z3MTHVCX\what-is-ethereum.html}
}

@article{rakicFirstPurposeBuilt,
  title = {First Purpose Built Protocol for Supply Chains Based on Blockchain},
  author = {Rakic, Branimir and Levak, Tomaz and Drev, Ziga and Savic, Sava},
  abstract = {Blockchain technology has huge potential to decentralize trust in supply chains and bring measurable benefits and value to the public and private sectors. To unlock this potential, the OriginTrail protocol was designed purposefully to tackle the main challenges which limit the fluent exchange of, and integrity of data in product supply chains. With supply chain data becoming increasingly fragmented, scalability and cost concerns of current decentralized solutions become evident.},
  langid = {english},
  file = {C:\Users\PC\Zotero\storage\PK625DNN\Rakic et al. - First purpose built protocol for supply chains based on blockchain.pdf}
}

@article{ReglamentoUE2024,
  title = {Reglamento (UE) 2024/1781 del Parlamento Europeo y del Consejo, de 13 de junio de 2024, por el que se instaura un marco para el establecimiento de requisitos de diseño ecológico aplicables a los productos sostenibles, se modifican la Directiva (UE) 2020/1828 y el Reglamento (UE) 2023/1542 y se deroga la Directiva 2009/125/CETexto pertinente a efectos del EEE.},
  langid = {spanish},
  file = {C:\Users\PC\Zotero\storage\AFQZ4DAY\Reglamento (UE) 20241781 del Parlamento Europeo y del Consejo, de 13 de junio de 2024, por el que s.pdf}
}

@online{ReglamentoUE2024a,
  title = {Reglamento - UE - 2024/1781 - ES - EUR-Lex},
  url = {https://eur-lex.europa.eu/eli/reg/2024/1781/oj/spa},
  urldate = {2025-09-19},
  langid = {spanish},
  annotation = {Doc ID: 32024R1781\\
Doc Sector: 3\\
Doc Title: Reglamento (UE) 2024/1781 del Parlamento Europeo y del Consejo, de 13 de junio de 2024, por el que se instaura un marco para el establecimiento de requisitos de diseño ecológico aplicables a los productos sostenibles, se modifican la Directiva (UE) 2020/1828 y el Reglamento (UE) 2023/1542 y se deroga la Directiva 2009/125/CE (Texto pertinente a efectos del EEE)\\
Doc Type: R\\
Usr\_lan: es},
  note = {Doc ID: 32024R1781 Doc Sector: 3 Doc Title: Reglamento (UE) 2024/1781 del Parlamento Europeo y del Consejo, de 13 de junio de 2024, por el que se instaura un marco para el establecimiento de requisitos de diseño ecológico aplicables a los productos sostenibles, se modifican la Directiva (UE) 2020/1828 y el Reglamento (UE) 2023/1542 y se deroga la Directiva 2009/125/CE (Texto pertinente a efectos del EEE) Doc Type: R Usr\_lan: es},
  file = {C\:\\Users\\PC\\Zotero\\storage\\8I5AG8EY\\oj.html;C\:\\Users\\PC\\Zotero\\storage\\ZLNSQGXF\\oj.html}
}

@article{ReglamentoUENo,
  title = {Reglamento (UE) no 1169/2011 del Parlamento Europeo y del Consejo, de 25 de octubre de 2011, sobre la información alimentaria facilitada al consumidor y por el que se modifican los Reglamentos (CE) no 1924/2006 y (CE) no 1925/2006 del Parlamento Europeo y del Consejo, y por el que se derogan la Directiva 87/250/CEE de la Comisión, la Directiva 90/496/CEE del Consejo, la Directiva 1999/10/CE de la Comisión, la Directiva 2000/13/CE del Parlamento Europeo y del Consejo, las Directivas 2002/67/CE, y 2008/5/CE de la Comisión, y el Reglamento (CE) no 608/2004 de la ComisiónTexto pertinente a efectos del EEE},
  langid = {spanish},
  file = {C:\Users\PC\Zotero\storage\3JTZP6PB\Reglamento (UE) no 11692011 del Parlamento Europeo y del Consejo, de 25 de octubre de 2011, sobre l.pdf}
}

@legislation{RegulationEU20242024,
  title = {Regulation ({{EU}}) 2024/1781 of the {{European Parliament}} and of the {{Council}} of 13 {{June}} 2024 Establishing a Framework for the Setting of Ecodesign Requirements for Sustainable Products, Amending {{Directive}} ({{EU}}) 2020/1828 and {{Regulation}} ({{EU}}) 2023/1542 and Repealing {{Directive}} 2009/125/{{EC}} ({{Text}} with {{EEA}} Relevance)},
  date = {2024-06-13},
  url = {http://data.europa.eu/eli/reg/2024/1781/oj/eng},
  urldate = {2025-05-17},
  langid = {english},
  file = {C\:\\Users\\PC\\Zotero\\storage\\K6B38UVN\\2024 - Regulation (EU) 20241781 of the European Parliament and of the Council of 13 June 2024 establishing.pdf;C\:\\Users\\PC\\Zotero\\storage\\QXU5K25Q\\HTML.html}
}

@online{salarisTrazabilidadBlockchainPara2020,
  title = {Trazabilidad Blockchain para sus productos - Cómo funciona y cuánto cuesta},
  author = {Salaris, Saverio},
  date = {2020-05-03T15:17:38+00:00},
  url = {https://blog.qualitychain.ch/es/seguimiento-de-sus-productos-con-la-blockchain-como-hacerlo-que-se-necesita-cuanto-cuesta-2021/},
  urldate = {2025-09-19},
  abstract = {¿Le interesa la trazabilidad de blockchain pero no sabe por dónde empezar? En este artículo encontrarás toda la información sobre cómo empezar a hacer el seguimiento de tus productos desde el primer momento},
  langid = {spanish},
  organization = {QualityChain Blog},
  file = {C:\Users\PC\Zotero\storage\GEK9WFLJ\seguimiento-de-sus-productos-con-la-blockchain-como-hacerlo-que-se-necesita-cuanto-cuesta-2021.html}
}

@online{salarisTrazabilidadBlockchainPara2020b,
  title = {Trazabilidad Blockchain para sus productos - Cómo funciona y cuánto cuesta},
  author = {Salaris, Saverio},
  date = {2020-05-03T15:17:38+00:00},
  url = {https://blog.qualitychain.ch/es/seguimiento-de-sus-productos-con-la-blockchain-como-hacerlo-que-se-necesita-cuanto-cuesta-2021/},
  urldate = {2025-09-21},
  abstract = {¿Le interesa la trazabilidad de blockchain pero no sabe por dónde empezar? En este artículo encontrarás toda la información sobre cómo empezar a hacer el seguimiento de tus productos desde el primer momento},
  langid = {spanish},
  organization = {QualityChain Blog},
  file = {C:\Users\PC\Zotero\storage\5IP436L4\seguimiento-de-sus-productos-con-la-blockchain-como-hacerlo-que-se-necesita-cuanto-cuesta-2021.html}
}

@online{SchemaorgSchemaorg,
  title = {Schema.Org - {{Schema}}.Org},
  url = {https://schema.org/},
  urldate = {2025-09-19},
  file = {C\:\\Users\\PC\\Zotero\\storage\\4MR5IFWK\\schema.org.html;C\:\\Users\\PC\\Zotero\\storage\\IBUSFFR6\\schema.org.html}
}

@software{SchemaorgSchemaorg2025,
  title = {Schemaorg/Schemaorg},
  date = {2025-09-19T17:50:12Z},
  origdate = {2014-01-30T23:58:35Z},
  url = {https://github.com/schemaorg/schemaorg},
  urldate = {2025-09-19},
  abstract = {Schema.org - schemas and supporting software},
  organization = {schema.org project},
  keywords = {json-ld,rdf,structured-data},
  note = {original-date: 2014-01-30T23:58:35Z}
}

@online{SchemaorgSchemaorgSchemaorg,
  title = {Schemaorg/Schemaorg: {{Schema}}.Org - Schemas and Supporting Software},
  url = {https://github.com/schemaorg/schemaorg},
  urldate = {2025-09-19},
  file = {C\:\\Users\\PC\\Zotero\\storage\\Q526XM4N\\schemaorg.html;C\:\\Users\\PC\\Zotero\\storage\\XB3X3YIJ\\schemaorg.html}
}

@online{SELLOIBERICOANIMAL,
  title = {SELLO IBÉRICO ANIMAL WELFARE (IBAW) :: Asociación Interprofesional del Cerdo Ibérico},
  shorttitle = {SELLO IBÉRICO ANIMAL WELFARE (IBAW)},
  url = {https://iberico.com/trazabilidad/ibaw/},
  urldate = {2025-09-21},
  abstract = {Organización Interprofesional Agroalimentaria (OIA), sin ánimo de lucro, en la que están representadas paritariamente organizaciones de la rama de la producción (ganaderos) y de la rama de la transformación (industriales) de cerdo ibérico.},
  langid = {spanish},
  file = {C\:\\Users\\PC\\Zotero\\storage\\ACYV9YWE\\MARCA-B-REGLAMENTO-GENERAL-DE-USO.pdf;C\:\\Users\\PC\\Zotero\\storage\\FPBG6GKX\\REGLAMENTO-TECNICO-IBAW-240507.pdf;C\:\\Users\\PC\\Zotero\\storage\\2JQCMKT7\\ibaw.html}
}

@online{SIGPACSistemaInformacion,
  title = {{{SIGPAC}} ({{Sistema}} de {{Información Geográfica}} de {{Parcelas Agrícolas}}) | {{Portal Web}} Del {{FEGA}}},
  url = {https://www.fega.gob.es/es/pepac-2023-2027/sistemas-gestion-y-control/sigpac},
  urldate = {2025-05-20},
  file = {C:\Users\PC\Zotero\storage\HCM987FA\sigpac.html}
}

@online{SistemaITACAAsociacion,
  title = {Sistema ÍTACA :: Asociación Interprofesional del Cerdo Ibérico},
  shorttitle = {Sistema ÍTACA},
  url = {https://iberico.com/trazabilidad/sistema-de-identificacion-trazabilidad-y-calidad-itaca/},
  urldate = {2025-09-21},
  abstract = {Organización Interprofesional Agroalimentaria (OIA), sin ánimo de lucro, en la que están representadas paritariamente organizaciones de la rama de la producción (ganaderos) y de la rama de la transformación (industriales) de cerdo ibérico.},
  langid = {spanish},
  file = {C:\Users\PC\Zotero\storage\7J7AF3YN\sistema-de-identificacion-trazabilidad-y-calidad-itaca.html}
}

@online{SistemaITACAAsociaciona,
  title = {Sistema {{ÍTACA}} :: {{Asociación Interprofesional}} Del {{Cerdo Ibérico}}},
  url = {https://iberico.com/trazabilidad/sistema-de-identificacion-trazabilidad-y-calidad-itaca/},
  urldate = {2025-10-01}
}

@online{SostenibilidadMedioambientalSocial,
  title = {Sostenibilidad medioambiental, social y económica | Jamones Ibéricos de España},
  url = {https://jamonesibericoseu.com/origen/sostenibilidad-medioambiental-social-y-economica/},
  urldate = {2025-09-27},
  langid = {spanish}
}

@article{StandardEPCBinary,
  title = {Standard for {{EPC}} Binary Strings},
  langid = {english},
  file = {C:\Users\PC\Zotero\storage\6R68IJ9U\Standard for EPC binary strings.pdf}
}

@online{WhatsNewOriginTrail2025,
  title = {What's New with {{OriginTrail V8}} | {{OriginTrail}}},
  date = {2025-01-30},
  url = {https://docs.origintrail.io/useful-resources/previous-updates/whats-new-with-origintrail-v8},
  urldate = {2025-09-21},
  abstract = {Bringing the power of DKG to any device, for anyone, on any chain at Internet scale},
  langid = {english},
  file = {C:\Users\PC\Zotero\storage\QV5VTKSN\whats-new-with-origintrail-v8.html}
}
